@article{robertson1995okapi,
  title={Okapi at TREC-3},
  author={Robertson, Stephen E and Walker, Steve and Jones, Susan and Hancock-Beaulieu, Micheline M and Gatford, Mike},
  journal={NIST SPECIAL PUBLICATION SP},
  pages={109--109},
  year={1995},
  publisher={NATIONAL INSTIUTE OF STANDARDS \& TECHNOLOGY}
}

@inproceedings{hiemstra2004parsimonious,
  title={Parsimonious language models for information retrieval},
  author={Hiemstra, Djoerd and Robertson, Stephen and Zaragoza, Hugo},
  booktitle={Proceedings of the 27th annual international ACM SIGIR conference on Research and development in information retrieval},
  pages={178--185},
  year={2004},
  organization={ACM}
}
